%YAML 1.1
%TAG !u! tag:unity3d.com,2011:
--- !u!1001 &100100000
Prefab:
  m_ObjectHideFlags: 1
  serializedVersion: 2
  m_Modification:
    m_TransformParent: {fileID: 0}
    m_Modifications: []
    m_RemovedComponents: []
  m_ParentPrefab: {fileID: 0}
  m_RootGameObject: {fileID: 1699267894620164}
  m_IsPrefabParent: 1
--- !u!1 &1699267894620164
GameObject:
  m_ObjectHideFlags: 0
  m_PrefabParentObject: {fileID: 0}
  m_PrefabInternal: {fileID: 100100000}
  serializedVersion: 5
  m_Component:
  - component: {fileID: 4222045650030660}
  - component: {fileID: 114046632964461486}
  - component: {fileID: 114047964707434702}
  - component: {fileID: 114788381827683652}
  - component: {fileID: 82166744503249020}
  m_Layer: 0
  m_Name: MasterLocal_AudioBank
  m_TagString: Untagged
  m_Icon: {fileID: 0}
  m_NavMeshLayer: 0
  m_StaticEditorFlags: 0
  m_IsActive: 1
--- !u!1 &1933528349421552
GameObject:
  m_ObjectHideFlags: 0
  m_PrefabParentObject: {fileID: 0}
  m_PrefabInternal: {fileID: 100100000}
  serializedVersion: 5
  m_Component:
  - component: {fileID: 4441749835719676}
  - component: {fileID: 111334851602903564}
  - component: {fileID: 114448893274026630}
  m_Layer: 0
  m_Name: Event
  m_TagString: Untagged
  m_Icon: {fileID: 0}
  m_NavMeshLayer: 0
  m_StaticEditorFlags: 0
  m_IsActive: 1
--- !u!4 &4222045650030660
Transform:
  m_ObjectHideFlags: 1
  m_PrefabParentObject: {fileID: 0}
  m_PrefabInternal: {fileID: 100100000}
  m_GameObject: {fileID: 1699267894620164}
  m_LocalRotation: {x: 0, y: 0, z: 0, w: 1}
  m_LocalPosition: {x: 0, y: 1, z: 0}
  m_LocalScale: {x: 1, y: 1, z: 1}
  m_Children:
  - {fileID: 4441749835719676}
  m_Father: {fileID: 0}
  m_RootOrder: 0
  m_LocalEulerAnglesHint: {x: 0, y: 0, z: 0}
--- !u!4 &4441749835719676
Transform:
  m_ObjectHideFlags: 1
  m_PrefabParentObject: {fileID: 0}
  m_PrefabInternal: {fileID: 100100000}
  m_GameObject: {fileID: 1933528349421552}
  m_LocalRotation: {x: 0, y: 0, z: 0, w: 1}
  m_LocalPosition: {x: 0, y: 0, z: 0}
  m_LocalScale: {x: 1, y: 1, z: 1}
  m_Children: []
  m_Father: {fileID: 4222045650030660}
  m_RootOrder: 0
  m_LocalEulerAnglesHint: {x: 0, y: 0, z: 0}
--- !u!82 &82166744503249020
AudioSource:
  m_ObjectHideFlags: 1
  m_PrefabParentObject: {fileID: 0}
  m_PrefabInternal: {fileID: 100100000}
  m_GameObject: {fileID: 1699267894620164}
  m_Enabled: 1
  serializedVersion: 4
  OutputAudioMixerGroup: {fileID: 0}
  m_audioClip: {fileID: 0}
  m_PlayOnAwake: 0
  m_Volume: 0
  m_Pitch: 1
  Loop: 0
  Mute: 1
  Spatialize: 0
  SpatializePostEffects: 0
  Priority: 256
  DopplerLevel: 0
  MinDistance: 0
  MaxDistance: 0.01
  Pan2D: 0
  rolloffMode: 1
  BypassEffects: 0
  BypassListenerEffects: 0
  BypassReverbZones: 0
  rolloffCustomCurve:
    serializedVersion: 2
    m_Curve:
    - serializedVersion: 2
      time: 0
      value: 1
      inSlope: 0
      outSlope: 0
      tangentMode: 0
    - serializedVersion: 2
      time: 1
      value: 0
      inSlope: 0
      outSlope: 0
      tangentMode: 0
    m_PreInfinity: 2
    m_PostInfinity: 2
    m_RotationOrder: 4
  panLevelCustomCurve:
    serializedVersion: 2
    m_Curve:
    - serializedVersion: 2
      time: 0
      value: 0
      inSlope: 0
      outSlope: 0
      tangentMode: 0
    m_PreInfinity: 2
    m_PostInfinity: 2
    m_RotationOrder: 0
  spreadCustomCurve:
    serializedVersion: 2
    m_Curve:
    - serializedVersion: 2
      time: 0
      value: 0
      inSlope: 0
      outSlope: 0
      tangentMode: 0
    m_PreInfinity: 2
    m_PostInfinity: 2
    m_RotationOrder: 0
  reverbZoneMixCustomCurve:
    serializedVersion: 2
    m_Curve:
    - serializedVersion: 2
      time: 0
      value: 0
      inSlope: 0
      outSlope: 0
      tangentMode: 0
    m_PreInfinity: 2
    m_PostInfinity: 2
    m_RotationOrder: 0
--- !u!111 &111334851602903564
Animation:
  m_ObjectHideFlags: 1
  m_PrefabParentObject: {fileID: 0}
  m_PrefabInternal: {fileID: 100100000}
  m_GameObject: {fileID: 1933528349421552}
  m_Enabled: 0
  serializedVersion: 3
  m_Animation: {fileID: 7400000, guid: a1de0c155e07c654c994ee68bd9f69b9, type: 2}
  m_Animations:
  - {fileID: 7400000, guid: a1de0c155e07c654c994ee68bd9f69b9, type: 2}
  m_WrapMode: 0
  m_PlayAutomatically: 1
  m_AnimatePhysics: 0
  m_CullingType: 0
--- !u!114 &114046632964461486
MonoBehaviour:
  m_ObjectHideFlags: 1
  m_PrefabParentObject: {fileID: 0}
  m_PrefabInternal: {fileID: 100100000}
  m_GameObject: {fileID: 1699267894620164}
  m_Enabled: 1
  m_EditorHideFlags: 0
  m_Script: {fileID: -339397700, guid: f78c4655b33cb5741983dc02e08899cf, type: 3}
  m_Name: 
  m_EditorClassIdentifier: 
  Events: []
  CombinedNetworkId: -1
  _dispatcher: {fileID: 0}
  _registered: 0
--- !u!114 &114047964707434702
MonoBehaviour:
  m_ObjectHideFlags: 1
  m_PrefabParentObject: {fileID: 0}
  m_PrefabInternal: {fileID: 100100000}
  m_GameObject: {fileID: 1699267894620164}
  m_Enabled: 1
  m_EditorHideFlags: 0
  m_Script: {fileID: 1579128511, guid: f78c4655b33cb5741983dc02e08899cf, type: 3}
  m_Name: 
  m_EditorClassIdentifier: 
  interactTextPlacement: {fileID: 0}
  interactText: Use
  interactTextGO: {fileID: 0}
  proximity: 2
  isHidden: 0
  UsesAdvancedOptions: 1
  ShowHelp: 0
  Triggers:
  - TriggerType: 0
    BroadcastType: 2
    Events:
    - Name: 
      EventType: 21
      ParameterString: UnityEngine.Animation
      ParameterBoolOp: 1
      ParameterBool: 0
      ParameterFloat: 0
      ParameterInt: 0
      ParameterObject: {fileID: 0}
      ParameterObjects:
      - {fileID: 1933528349421552}
      ParameterBytes: 
    Name: MasterLocal
    Others: []
    Key: 0
    TriggerIndividuals: 0
    Layers:
      serializedVersion: 2
      m_Bits: 0
    Repeat: 0
    LowPeriodTime: 0
    HighPeriodTime: 0
    ResetOnEnable: 0
    EventFired: 0
    Duration: 0
    Timer: 0
    DataElementIdx: 0
    DataStorageShadowValues:
    - ParameterString: 
      ParameterBoolOp: 
      ParameterFloat: 
      ParameterInt: 
    AfterSeconds: 0
    ProbabilityLock: 
    Probabilities: []
    MidiChannel: 0
    MidiNote: 0
    OscAddr: 
  - TriggerType: 5
    BroadcastType: 5
    Events:
    - Name: Play
      EventType: 14
      ParameterString: Play
      ParameterBoolOp: 0
      ParameterBool: 0
      ParameterFloat: 0
      ParameterInt: 6
      ParameterObject: {fileID: 0}
      ParameterObjects:
      - {fileID: 1699267894620164}
      ParameterBytes: 0001000000ffffffff01000000000000001001000000010000000808000000000b
    Name: Unnamed
    Others: []
    Key: 0
    TriggerIndividuals: 0
    Layers:
      serializedVersion: 2
      m_Bits: 0
    Repeat: 0
    LowPeriodTime: 0
    HighPeriodTime: 0
    ResetOnEnable: 0
    EventFired: 0
    Duration: 0
    Timer: 0
    DataElementIdx: 0
    DataStorageShadowValues:
    - ParameterString: 
      ParameterBoolOp: 
      ParameterFloat: 
      ParameterInt: 
    AfterSeconds: 0
    ProbabilityLock: 
    Probabilities: []
    MidiChannel: 0
    MidiNote: 0
    OscAddr: 
  - TriggerType: 7
    BroadcastType: 5
    Events:
    - Name: Play
      EventType: 14
      ParameterString: Play
      ParameterBoolOp: 0
      ParameterBool: 0
      ParameterFloat: 0
      ParameterInt: 6
      ParameterObject: {fileID: 0}
      ParameterObjects:
      - {fileID: 1699267894620164}
      ParameterBytes: 0001000000ffffffff01000000000000001001000000010000000808000000000b
    Name: Unnamed
    Others: []
    Key: 0
    TriggerIndividuals: 0
    Layers:
      serializedVersion: 2
      m_Bits: 0
    Repeat: 0
    LowPeriodTime: 0
    HighPeriodTime: 0
    ResetOnEnable: 0
    EventFired: 0
    Duration: 0
    Timer: 0
    DataElementIdx: 0
    DataStorageShadowValues:
    - ParameterString: 
      ParameterBoolOp: 
      ParameterFloat: 
      ParameterInt: 
    AfterSeconds: 0
    ProbabilityLock: 
    Probabilities: []
    MidiChannel: 0
    MidiNote: 0
    OscAddr: 
--- !u!114 &114448893274026630
MonoBehaviour:
  m_ObjectHideFlags: 1
  m_PrefabParentObject: {fileID: 0}
  m_PrefabInternal: {fileID: 100100000}
  m_GameObject: {fileID: 1933528349421552}
  m_Enabled: 1
  m_EditorHideFlags: 0
  m_Script: {fileID: 1392445389, guid: f70555f144d8491a825f0804e09c671c, type: 3}
  m_Name: 
  m_EditorClassIdentifier: 
  m_Navigation:
    m_Mode: 0
    m_SelectOnUp: {fileID: 0}
    m_SelectOnDown: {fileID: 0}
    m_SelectOnLeft: {fileID: 0}
    m_SelectOnRight: {fileID: 0}
  m_Transition: 0
  m_Colors:
    m_NormalColor: {r: 1, g: 1, b: 1, a: 1}
    m_HighlightedColor: {r: 0.9607843, g: 0.9607843, b: 0.9607843, a: 1}
    m_PressedColor: {r: 0.78431374, g: 0.78431374, b: 0.78431374, a: 1}
    m_DisabledColor: {r: 0.78431374, g: 0.78431374, b: 0.78431374, a: 0.5019608}
    m_ColorMultiplier: 1
    m_FadeDuration: 0.1
  m_SpriteState:
    m_HighlightedSprite: {fileID: 0}
    m_PressedSprite: {fileID: 0}
    m_DisabledSprite: {fileID: 0}
  m_AnimationTriggers:
    m_NormalTrigger: Normal
    m_HighlightedTrigger: Highlighted
    m_PressedTrigger: Pressed
    m_DisabledTrigger: Disabled
  m_Interactable: 1
  m_TargetGraphic: {fileID: 0}
  m_OnClick:
    m_PersistentCalls:
      m_Calls:
      - m_Target: {fileID: 0}
        m_MethodName: 
        m_Mode: 1
        m_Arguments:
          m_ObjectArgument: {fileID: 0}
          m_ObjectArgumentAssemblyTypeName: 
          m_IntArgument: 0
          m_FloatArgument: 0
          m_StringArgument: 
          m_BoolArgument: 0
        m_CallState: 2
    m_TypeName: UnityEngine.UI.Button+ButtonClickedEvent, UnityEngine.UI, Version=1.0.0.0,
      Culture=neutral, PublicKeyToken=null
--- !u!114 &114788381827683652
MonoBehaviour:
  m_ObjectHideFlags: 1
  m_PrefabParentObject: {fileID: 0}
  m_PrefabInternal: {fileID: 100100000}
  m_GameObject: {fileID: 1699267894620164}
  m_Enabled: 1
  m_EditorHideFlags: 0
  m_Script: {fileID: -637847574, guid: f78c4655b33cb5741983dc02e08899cf, type: 3}
  m_Name: 
  m_EditorClassIdentifier: 
  PlaybackOrder: 0
  PlaybackStyle: 0
  Source: {fileID: 82166744503249020}
  MinPitchRange: 1
  MaxPitchRange: 1
  OnPlay:
    TriggerObject: {fileID: 1699267894620164}
    CustomName: MasterLocal
  OnStop:
    TriggerObject: {fileID: 0}
    CustomName: 
  OnChange:
    TriggerObject: {fileID: 0}
    CustomName: 
  Clips:
  - {fileID: 8300000, guid: 4a35fbe8064dca440828d5ef05250f9a, type: 3}
